@article{CGD,
	Author = {B{\o}ttcher, Susanne G and Dethlefsen, Claus},
	Title = {deal: A package for learning {B}ayesian networks},
    Journal = {Journal of Statistical Software},
    Volume = {8},
    Number = {20},
    Pages = {},
    Year = {2003}}

@manual{RR,
	Address = {Vienna, Austria},
	Author = {{R Core Team}},
	Organization = {R Foundation for Statistical Computing},
	Title = {R: A Language and Environment for Statistical Computing},
	Url = {http://www.R-project.org/},
	Year = {2013}}

@techreport{MVB,
	Author = {Dai, Bin},
	Institution = {Department of Statisitcs, University of Wisconsin, Madison, WI 53706},
	Title = {Multivariate {B}ernoulli distribution models},
	Year = {2012}}

@article{OCC,
	Author = {Read, Jesse and Pfahringer, Bernhard and Holmes, Geoff and Frank, Eibe},
	Journal = {Machine Learning},
	Number = {3},
	Pages = {333--359},
	Publisher = {Springer},
	Title = {Classifier chains for multi-label classification},
	Volume = {85},
	Year = {2011}}

@inproceedings{PCC,
	Author = {Cheng, Weiwei and H{\"u}llermeier, Eyke and Dembczynski, Krzysztof J},
	Booktitle = {Proceedings of the 27th international conference on machine learning (ICML 2010)},
	Pages = {279--286},
	Title = {Bayes optimal multilabel classification via probabilistic classifier chains},
	Year = {2010}}

@techreport{CMVP,
	Author = {Mullahy, John},
	Institution = {National Bureau of Economic Research},
	Title = {Marginal effects in multivariate probit and kindred discrete and count outcome models, with applications in health economics},
	Year = {2011}}

@article{EG4,
	Author = {Zhang, Min-Ling and Pe{\~n}a, Jos{\'e} M and Robles, Victor},
	Journal = {Information Sciences},
	Number = {19},
	Pages = {3218--3229},
	Publisher = {Elsevier},
	Title = {Feature selection for multi-label naive {B}ayes classification},
	Volume = {179},
	Year = {2009}}

@inproceedings{EG3,
	Author = {Park, Sang-Hyeun and F{\"u}rnkranz, Johannes},
	Booktitle = {Proceedings of the ECML/PKDD Workshop on Preference Learning (PL-2008)},
	Pages = {157--171},
	Title = {Multi-label classification with label constraints},
	Year = {2008}}

@article{EG1,
	Author = {Dembczy{\'n}ski, Krzysztof and Waegeman, Willem and Cheng, Weiwei and H{\"u}llermeier, Eyke},
	Journal = {Machine Learning},
	Number = {1-2},
	Pages = {5--45},
	Publisher = {Springer},
	Title = {On label dependence and loss minimization in multi-label classification},
	Volume = {88},
	Year = {2012}}

@article{MLG1,
	Author = {Luaces, Oscar and D{\'\i}ez, Jorge and Barranquero, Jos{\'e} and del Coz, Juan Jos{\'e} and Bahamonde, Antonio},
	Journal = {Progress in Artificial Intelligence},
	Number = {4},
	Pages = {303--313},
	Publisher = {Springer},
	Title = {Binary relevance efficacy for multilabel classification},
	Volume = {1},
	Year = {2012}}

@article{EG2,
	Author = {Younes, Zoulficar and Abdallah, Fahed and Denoeux, Thierry and Snoussi, Hichem},
	Journal = {EURASIP Journal on Advances in Signal Processing},
	Pages = {645964},
	Publisher = {Springer},
	Title = {A dependent multilabel classification method derived from the-nearest neighbor rule},
	Volume = {2011},
	Year = {2011}}

@article{MLG2,
	Author = {Tom{\'a}s, Jimena Torres and Spola{\^o}r, Newton and Cherman, Everton Alvares and Monard, Maria Carolina},
	Journal = {Electronic Notes in Theoretical Computer Science},
	Pages = {155--176},
	Publisher = {Elsevier},
	Title = {A framework to generate synthetic multi-label datasets},
	Volume = {302},
	Year = {2014}}

@article{MVP,
	Author = {Chib, Siddhartha and Greenberg, Edward},
	Journal = {Biometrika},
	Number = {2},
	Pages = {347--361},
	Publisher = {Biometrika Trust},
	Title = {Analysis of multivariate probit models},
	Volume = {85},
	Year = {1998}}

@article{JOE,
	Author = {Joe, Harry and Liu, Ying},
	Journal = {Statistics \& Probability Letters},
	Number = {2},
	Pages = {113--120},
	Publisher = {Elsevier},
	Title = {A model for a multivariate binary response with covariates based on compatible conditionally specified logistic regressions},
	Volume = {31},
	Year = {1996}}

@article{CHAIN,
	Author = {Bonney, George Ebow},
	Journal = {Biometrics},
	Pages = {951--973},
	Publisher = {JSTOR},
	Title = {Logistic regression for dependent binary observations},
	Year = {1987}}

@inproceedings{LIEG1,
  title={Towards class-imbalance aware multi-label learning},
  author={Zhang, M.-L. and Li, Y.-K. and Liu, X.-Y.},
  booktitle={Proceedings of the 24th International Joint Conference on Artificial Intelligence (IJCAI'15},
  pages={4041-4047},
  year={2015}}
  
  @article{LIEG2,
  title={Addressing imbalance in multilabel classification: measures and random resampling algorithms},
  author={Charte, Francisco and Rivera, Antonio J and del Jesus, Mar{\'\i}a J and Herrera, Francisco},
  journal={Neurocomputing},
  volume={163},
  pages={3--16},
  year={2015},
  publisher={Elsevier}
}

@inproceedings{LIEG3,
  title={Multi-label classification: dealing with imbalance by combining labels},
  author={Fang, Ming and Xiao, Yuqi and Wang, Chongjun and Xie, Junyuan},
  booktitle={Tools with Artificial Intelligence (ICTAI), 2014 IEEE 26th International Conference on},
  pages={233--237},
  year={2014},
  organization={IEEE}
}
  
  @article{Tsoumakas:07,
  title={Multi label classification: an overview},
  author={Tsoumakas, G and others},
  journal={International Journal of Data Warehousing and Mining},
  volume={3},
  number={3},
  pages={1--13},
  year={2007},
  publisher={Idea Group Publishing}
}

@incollection{de2009tutorial,
  title={A tutorial on multi-label classification techniques},
  author={de Carvalho, Andr{\'e} CPLF and Freitas, Alex A},
  booktitle={Foundations of Computational Intelligence Volume 5},
  pages={177--195},
  year={2009},
  publisher={Springer}
}

@article{zhang2014review,
  title={A review on multi-label learning algorithms},
  author={Zhang, Min-Ling and Zhou, Zhi-Hua},
  journal={IEEE transactions on knowledge and data engineering},
  volume={26},
  number={8},
  pages={1819--1837},
  year={2014},
  publisher={IEEE}
}

@article{Gibaja:15,
  title={A tutorial on multilabel learning},
  author={Gibaja, Eva and Ventura, Sebasti{\'a}n},
  journal={ACM Computing Surveys (CSUR)},
  volume={47},
  number={3},
  pages={52},
  year={2015},
  publisher={ACM}
}

@article{meng2016plant,
  title={Plant miRNA function prediction based on functional similarity network and transductive multi-label classification algorithm},
  author={Meng, Jun and Shi, Guan-Li and Luan, Yu-Shi},
  journal={Neurocomputing},
  volume={179},
  pages={283--289},
  year={2016},
  publisher={Elsevier}
}

@article{hou2016multi,
  title={Multi-label learning with label relevance in advertising video},
  author={Hou, Sujuan and Zhou, Shangbo and Chen, Ling and Feng, Yong and Awudu, Karim},
  journal={Neurocomputing},
  volume={171},
  pages={932--948},
  year={2016},
  publisher={Elsevier}
}

@inproceedings{li2016conditional,
  title={Conditional graphical lasso for multi-label image classification},
  author={Li, Qiang and Qiao, Maoying and Bian, Wei and Tao, Dacheng},
  booktitle={Proceedings of the IEEE Conference on Computer Vision and Pattern Recognition},
  pages={2977--2986},
  year={2016}
}

@article{wu2015multi,
  title={Multi-label learning with missing labels for image annotation and facial action unit recognition},
  author={Wu, Baoyuan and Lyu, Siwei and Hu, Bao-Gang and Ji, Qiang},
  journal={Pattern Recognition},
  volume={48},
  number={7},
  pages={2279--2289},
  year={2015},
  publisher={Elsevier}
}

@article{ivasic2016two,
  title={Two-tier image annotation model based on a multi-label classifier and fuzzy-knowledge representation scheme},
  author={Ivasic-Kos, Marina and Pobar, Miran and Ribaric, Slobodan},
  journal={Pattern recognition},
  volume={52},
  pages={287--305},
  year={2016},
  publisher={Elsevier}
}

@article{zhao2015multi,
  title={Multi-label learning with prior knowledge for facial expression analysis},
  author={Zhao, Kaili and Zhang, Honggang and Ma, Zhanyu and Song, Yi-Zhe and Guo, Jun},
  journal={Neurocomputing},
  volume={157},
  pages={280--289},
  year={2015},
  publisher={Elsevier}
}

@inproceedings{zhao2015joint,
  title={Joint patch and multi-label learning for facial action unit detection},
  author={Zhao, Kaili and Chu, Wen-Sheng and De la Torre, Fernando and Cohn, Jeffrey F and Zhang, Honggang},
  booktitle={Proceedings of the IEEE Conference on Computer Vision and Pattern Recognition},
  pages={2207--2216},
  year={2015}
}

@article{yang2016exploiting,
  title={Exploiting object semantic cues for multi-label material recognition},
  author={Yang, Lingxiao and Xie, Xiaohua},
  journal={Neurocomputing},
  volume={173},
  pages={1646--1654},
  year={2016},
  publisher={Elsevier}
}

@article{li2015supervised,
  title={Supervised topic models for multi-label classification},
  author={Li, Ximing and Ouyang, Jihong and Zhou, Xiaotang},
  journal={Neurocomputing},
  volume={149},
  pages={811--819},
  year={2015},
  publisher={Elsevier}
}

@article{li2015centroid,
  title={Centroid prior topic model for multi-label classification},
  author={Li, Ximing and Ouyang, Jihong and Zhou, Xiaotang},
  journal={Pattern Recognition Letters},
  volume={62},
  pages={8--13},
  year={2015},
  publisher={Elsevier}
}
